{
  "success": true,
  "symbol": "TLKM",
  "secId": "bn9o8m",
  "companyName": "Telkom Indonesia (Persero) Tbk PT",
  "data": {
    "amountPaid": 0,
    "analysis": {
      "annualStatements": {
        "1994": {
          "ebit": 1304000000000,
          "eps": 9.4902,
          "netIncome": 795000000000,
          "operatingIncome": 1304000,
          "netProfitMargin": 19.6588,
          "priceToSalesRatio": 48.27,
          "revenue": 4044000000000,
          "taxRate": 30.6283,
          "source": "20-F",
          "sourceDate": "1999-03-26T00:00:00Z",
          "reportDate": "1998-12-31T00:00:00Z",
          "endDate": "1994-12-31T00:00:00Z",
          "fiscalYearEndMonth": 12
        },
        "1995": {
          "averagePE": 26.2979,
          "ebit": 1390000000000,
          "eps": 10.5889,
          "netIncome": 907000000000,
          "operatingIncome": 1390000,
          "netProfitMargin": 17.7669,
          "priceToSalesRatio": 59.6,
          "revenue": 5105000000000,
          "taxRate": 29.5808,
          "currency": "IDR",
          "source": "20-F",
          "sourceDate": "1999-03-26T00:00:00Z",
          "reportDate": "1998-12-31T00:00:00Z",
          "endDate": "1995-12-31T00:00:00Z",
          "fiscalYearEndMonth": 12
        },
        "1996": {
          "averagePE": 23.4256,
          "ebit": 2149062000000,
          "eps": 16.1468,
          "netIncome": 1503276000000,
          "operatingIncome": 2149062,
          "netProfitMargin": 29.6165,
          "priceToSalesRatio": 54.52,
          "revenue": 5075799000000,
          "taxRate": 27.4267,
          "depreciation": 1401484,
          "currency": "IDR",
          "source": "20-F",
          "sourceDate": "1999-03-26T00:00:00Z",
          "reportDate": "1998-12-31T00:00:00Z",
          "endDate": "1996-12-31T00:00:00Z",
          "fiscalYearEndMonth": 12
        },
        "1997": {
          "averagePE": 21.94,
          "bookValuePerShare": 50.125,
          "debtToEquityRatio": 0.6355,
          "ebit": 2526403000000,
          "eps": 12.3748,
          "netIncome": 1152100000000,
          "operatingIncome": 2526403,
          "netProfitMargin": 19.4973,
          "priceToBookRatio": 5.42,
          "priceToSalesRatio": 63.47,
          "returnOnAssets": 0.0577,
          "returnOnEquity": 0.1195,
          "revenue": 5909026000000,
          "taxRate": 28.969,
          "depreciation": 1661915,
          "assets": 19967367,
          "liabilities": 10328904,
          "longTermDebt": 5636673000000,
          "sharesOutstanding": 93100526800,
          "currency": "IDR",
          "source": "20-F",
          "sourceDate": "1999-03-26T00:00:00Z",
          "reportDate": "1999-12-31T00:00:00Z",
          "endDate": "1997-12-31T00:00:00Z",
          "fiscalYearEndMonth": 12
        },
        "1998": {
          "averagePE": 19.9652,
          "bookValuePerShare": 46.4121,
          "debtToEquityRatio": 0.8653,
          "ebit": 2599722000000,
          "eps": 12.5528,
          "netIncome": 1168670000000,
          "operatingIncome": 2599722,
          "netProfitMargin": 17.7071,
          "priceToBookRatio": 5.4,
          "priceToSalesRatio": 70.89,
          "returnOnAssets": 0.0493,
          "returnOnEquity": 0.1112,
          "revenue": 6600000000000,
          "taxRate": 17.9565,
          "depreciation": 2162015,
          "assets": 23693546,
          "liabilities": 13185762,
          "longTermDebt": 8437113000000,
          "sharesOutstanding": 100548604800,
          "currency": "IDR",
          "source": "20-F",
          "sourceDate": "1999-03-26T00:00:00Z",
          "reportDate": "1999-12-31T00:00:00Z",
          "endDate": "1998-12-31T00:00:00Z",
          "fiscalYearEndMonth": 12
        },
        "1999": {
          "averagePE": 15.9486,
          "bookValuePerShare": 50.125,
          "debtToEquityRatio": 0.6555,
          "ebit": 3741234000000,
          "eps": 24.9855,
          "netIncome": 2403712000000,
          "operatingIncome": 3741234,
          "netProfitMargin": 25.6103,
          "priceToBookRatio": 7.95,
          "priceToSalesRatio": 97.56,
          "returnOnAssets": 0.0841,
          "returnOnEquity": 0.1847,
          "revenue": 9385720000000,
          "taxRate": 28.2227,
          "depreciation": 2363579,
          "assets": 28573595,
          "liabilities": 15557984,
          "longTermDebt": 7644008000000,
          "sharesOutstanding": 100548604800,
          "currency": "IDR",
          "source": "20-F",
          "sourceDate": "2000-03-06T00:00:00Z",
          "reportDate": "2001-12-31T00:00:00Z",
          "endDate": "1999-12-31T00:00:00Z",
          "fiscalYearEndMonth": 12
        },
        "2000": {
          "averagePE": 6.8649,
          "bookValuePerShare": 50.125,
          "debtToEquityRatio": 0.6487,
          "ebit": 5678153000000,
          "eps": 29.9358,
          "netIncome": 3010003000000,
          "operatingIncome": 5678153,
          "netProfitMargin": 24.8514,
          "priceToBookRatio": 4.1,
          "priceToSalesRatio": 120.46,
          "returnOnAssets": 0.094,
          "returnOnEquity": 0.2019,
          "revenue": 12111996000000,
          "taxRate": 30.6161,
          "depreciation": 2419069,
          "assets": 32018940,
          "liabilities": 17109764,
          "longTermDebt": 8852652000000,
          "sharesOutstanding": 100548604800,
          "currency": "IDR",
          "source": "20-F",
          "sourceDate": "2001-03-02T00:00:00Z",
          "reportDate": "2002-12-31T00:00:00Z",
          "endDate": "2000-12-31T00:00:00Z",
          "fiscalYearEndMonth": 12
        },
        "2001": {
          "averagePE": 7.9282,
          "bookValuePerShare": 50.125,
          "debtToEquityRatio": 1.2367,
          "ebit": 7419407000000,
          "eps": 40.4619,
          "netIncome": 4068391000000,
          "operatingIncome": 7419407,
          "netProfitMargin": 24.9843,
          "priceToBookRatio": 6.4,
          "priceToSalesRatio": 161.95,
          "returnOnAssets": 0.1253,
          "returnOnEquity": 0.4364,
          "revenue": 16283807000000,
          "taxRate": 30.6401,
          "depreciation": 2869772,
          "assets": 32470280,
          "liabilities": 23146705,
          "longTermDebt": 9487932000000,
          "sharesOutstanding": 100548604800,
          "currency": "IDR",
          "source": "20-F",
          "sourceDate": "2002-06-04T00:00:00Z",
          "reportDate": "2003-12-31T00:00:00Z",
          "endDate": "2001-12-31T00:00:00Z",
          "fiscalYearEndMonth": 12
        },
        "2002": {
          "averagePE": 4.8269,
          "bookValuePerShare": 50.125,
          "debtToEquityRatio": 1.0004,
          "ebit": 9130215000000,
          "eps": 79.9584,
          "netIncome": 8039709000000,
          "operatingIncome": 9130215,
          "netProfitMargin": 38.6472,
          "priceToBookRatio": 7.7,
          "priceToSalesRatio": 206.89,
          "returnOnAssets": 0.1815,
          "returnOnEquity": 0.5502,
          "revenue": 20802818000000,
          "taxRate": 24.6744,
          "depreciation": 3473370,
          "assets": 44307096,
          "liabilities": 29693479,
          "longTermDebt": 11990182000000,
          "sharesOutstanding": 100548604800,
          "currency": "IDR",
          "source": "ARS",
          "sourceDate": "2003-03-31T00:00:00Z",
          "reportDate": "2003-12-31T00:00:00Z",
          "endDate": "2002-12-31T00:00:00Z",
          "fiscalYearEndMonth": 12
        },
        "2003": {
          "averagePE": 11.1772,
          "bookValuePerShare": 50.125,
          "debtToEquityRatio": 0.8846,
          "ebit": 11975939000000,
          "eps": 60.5401,
          "netIncome": 6087227000000,
          "operatingIncome": 11975939,
          "netProfitMargin": 22.4489,
          "priceToBookRatio": 13.5,
          "priceToSalesRatio": 269.68,
          "returnOnAssets": 0.1211,
          "returnOnEquity": 0.3516,
          "revenue": 27115923000000,
          "taxRate": 33.716,
          "depreciation": 4779520,
          "assets": 50283249,
          "liabilities": 32970372,
          "longTermDebt": 11834517000000,
          "sharesOutstanding": 100548604800,
          "currency": "IDR",
          "source": "ARS",
          "sourceDate": "2004-06-30T00:00:00Z",
          "reportDate": "2004-12-31T00:00:00Z",
          "endDate": "2003-12-31T00:00:00Z",
          "fiscalYearEndMonth": 12
        },
        "2004": {
          "averagePE": 14.7054,
          "bookValuePerShare": 50.125,
          "debtToEquityRatio": 0.9166,
          "ebit": 14587880000000,
          "eps": 65.7848,
          "netIncome": 6614568000000,
          "operatingIncome": 14587880,
          "netProfitMargin": 19.4846,
          "priceToBookRatio": 19.3,
          "priceToSalesRatio": 337.63,
          "returnOnAssets": 0.1177,
          "returnOnEquity": 0.3649,
          "revenue": 33947766000000,
          "taxRate": 32.7743,
          "depreciation": 6438557,
          "assets": 56179192,
          "liabilities": 38051156,
          "longTermDebt": 13213864000000,
          "sharesOutstanding": 100548604800,
          "currency": "IDR",
          "source": "ARS",
          "sourceDate": "2005-05-02T00:00:00Z",
          "reportDate": "2005-12-31T00:00:00Z",
          "endDate": "2004-12-31T00:00:00Z",
          "fiscalYearEndMonth": 12
        },
        "2005": {
          "averagePE": 14.8796,
          "bookValuePerShare": 50.125,
          "debtToEquityRatio": 0.5896,
          "ebit": 17170750000000,
          "eps": 79.4995,
          "netIncome": 7993566000000,
          "operatingIncome": 17170750,
          "netProfitMargin": 19.1201,
          "priceToBookRatio": 23.6,
          "priceToSalesRatio": 415.79,
          "returnOnAssets": 0.1286,
          "returnOnEquity": 0.3432,
          "revenue": 41807184000000,
          "taxRate": 31.9177,
          "assets": 62171044,
          "liabilities": 38878643,
          "longTermDebt": 11096931000000,
          "sharesOutstanding": 100548604800,
          "currency": "IDR",
          "source": "ARS",
          "sourceDate": "2006-06-08T00:00:00Z",
          "reportDate": "2005-12-31T00:00:00Z",
          "endDate": "2005-12-31T00:00:00Z",
          "fiscalYearEndMonth": 12
        },
        "2006": {
          "averagePE": 18.459,
          "bookValuePerShare": 50.4211,
          "debtToEquityRatio": 0.5562,
          "ebit": 21593241000000,
          "eps": 109.7028,
          "netIncome": 11005577000000,
          "operatingIncome": 21593241,
          "netProfitMargin": 21.4559,
          "priceToBookRatio": 40.16,
          "priceToSalesRatio": 511.3,
          "returnOnAssets": 0.1465,
          "returnOnEquity": 0.3921,
          "revenue": 51294008000000,
          "taxRate": 32.009,
          "assets": 75135745,
          "liabilities": 47067056,
          "longTermDebt": 10031930000000,
          "sharesOutstanding": 99958194900,
          "currency": "IDR",
          "source": "ARS",
          "sourceDate": "2007-05-25T00:00:00Z",
          "reportDate": "2007-12-31T00:00:00Z",
          "endDate": "2006-12-31T00:00:00Z",
          "fiscalYearEndMonth": 12
        },
        "2007": {
          "averagePE": 15.7584,
          "bookValuePerShare": 50.741,
          "debtToEquityRatio": 0.4741,
          "ebit": 26472708000000,
          "eps": 129.1388,
          "netIncome": 12857018000000,
          "operatingIncome": 26472708,
          "netProfitMargin": 21.6302,
          "priceToBookRatio": 40.11,
          "priceToSalesRatio": 597.03,
          "returnOnAssets": 0.1567,
          "returnOnEquity": 0.381,
          "revenue": 59440011000000,
          "taxRate": 30.9733,
          "assets": 82058760,
          "liabilities": 48310181,
          "longTermDebt": 10393325000000,
          "sharesOutstanding": 99327950600,
          "currency": "IDR",
          "source": "ARS",
          "sourceDate": "2008-05-23T00:00:00Z",
          "reportDate": "2008-12-31T00:00:00Z",
          "endDate": "2007-12-31T00:00:00Z",
          "fiscalYearEndMonth": 12
        },
        "2008": {
          "averagePE": 12.7684,
          "bookValuePerShare": 51.3752,
          "debtToEquityRatio": 0.5928,
          "ebit": 22436968000000,
          "eps": 108.3467,
          "netIncome": 10671786000000,
          "operatingIncome": 22436968,
          "netProfitMargin": 16.6314,
          "priceToBookRatio": 26.93,
          "priceToSalesRatio": 651.46,
          "returnOnAssets": 0.1169,
          "returnOnEquity": 0.311,
          "revenue": 64166429000000,
          "taxRate": 27.8129,
          "assets": 91256250,
          "liabilities": 56942179,
          "longTermDebt": 12903120000000,
          "sharesOutstanding": 98101846200,
          "currency": "IDR",
          "source": "ARS",
          "sourceDate": "2009-05-11T00:00:00Z",
          "reportDate": "2010-12-31T00:00:00Z",
          "endDate": "2008-12-31T00:00:00Z",
          "fiscalYearEndMonth": 12
        },
        "2009": {
          "averagePE": 16.3062,
          "bookValuePerShare": 51.3752,
          "debtToEquityRatio": 0.5862,
          "ebit": 22787636000000,
          "eps": 116.1938,
          "netIncome": 11398826000000,
          "operatingIncome": 22787636,
          "netProfitMargin": 16.8429,
          "priceToBookRatio": 36.88,
          "priceToSalesRatio": 689.87,
          "returnOnAssets": 0.1165,
          "returnOnEquity": 0.2949,
          "revenue": 67677518000000,
          "taxRate": 28.53,
          "assets": 97814160,
          "liabilities": 59161900,
          "longTermDebt": 14357654000000,
          "sharesOutstanding": 98101846200,
          "currency": "IDR",
          "source": "ARS",
          "sourceDate": "2010-04-08T00:00:00Z",
          "reportDate": "2010-12-31T00:00:00Z",
          "endDate": "2009-12-31T00:00:00Z",
          "fiscalYearEndMonth": 12
        },
        "2010": {
          "averagePE": 13.5536,
          "bookValuePerShare": 51.3752,
          "debtToEquityRatio": 0.4956,
          "ebit": 23039000000000,
          "eps": 117.6023,
          "netIncome": 11537000000000,
          "operatingIncome": 23039000,
          "netProfitMargin": 16.6775,
          "priceToBookRatio": 31.03,
          "priceToSalesRatio": 705.15,
          "returnOnAssets": 0.1148,
          "returnOnEquity": 0.2597,
          "revenue": 69177000000000,
          "taxRate": 25.8965,
          "assets": 100501000,
          "liabilities": 56082000,
          "longTermDebt": 16246000000000,
          "sharesOutstanding": 98101846200,
          "currency": "IDR",
          "source": "ARS",
          "sourceDate": "2011-03-31T00:00:00Z",
          "reportDate": "2011-12-31T00:00:00Z",
          "endDate": "2010-12-31T00:00:00Z",
          "fiscalYearEndMonth": 12
        },
        "2011": {
          "averagePE": 12.5964,
          "bookValuePerShare": 52.1254,
          "debtToEquityRatio": 0.3762,
          "ebit": 22360000000000,
          "eps": 112.214,
          "netIncome": 10965000000000,
          "operatingIncome": 22360000,
          "netProfitMargin": 15.2465,
          "priceToBookRatio": 27.12,
          "priceToSalesRatio": 736,
          "returnOnAssets": 0.1064,
          "returnOnEquity": 0.2308,
          "revenue": 71918000000000,
          "taxRate": 25.8283,
          "assets": 103054000,
          "liabilities": 55544000,
          "longTermDebt": 12644000000000,
          "sharesOutstanding": 96689948900,
          "currency": "IDR",
          "source": "ARS",
          "sourceDate": "2012-03-30T00:00:00Z",
          "reportDate": "2011-12-31T00:00:00Z",
          "endDate": "2011-12-31T00:00:00Z",
          "fiscalYearEndMonth": 12
        },
        "2012": {
          "averagePE": 13.5234,
          "bookValuePerShare": 52.6396,
          "debtToEquityRatio": 0.374,
          "ebit": 27860000000000,
          "eps": 134.173,
          "netIncome": 12850000000000,
          "operatingIncome": 27860000,
          "netProfitMargin": 16.1226,
          "priceToBookRatio": 34.47,
          "priceToSalesRatio": 832.21,
          "returnOnAssets": 0.1154,
          "returnOnEquity": 0.2493,
          "revenue": 79702000000000,
          "taxRate": 24.2117,
          "assets": 111369000,
          "liabilities": 59828000,
          "longTermDebt": 11803000000000,
          "sharesOutstanding": 95745344100,
          "currency": "IDR",
          "source": "ARS",
          "sourceDate": "2013-03-06T00:00:00Z",
          "reportDate": "2013-09-30T00:00:00Z",
          "endDate": "2012-12-31T00:00:00Z",
          "fiscalYearEndMonth": 12
        },
        "2013": {
          "averagePE": 14.5844,
          "bookValuePerShare": 51.9048,
          "debtToEquityRatio": 0.3346,
          "ebit": 27846000000000,
          "eps": 147.418,
          "netIncome": 14205000000000,
          "operatingIncome": 27846000,
          "netProfitMargin": 17.1213,
          "priceToBookRatio": 41.42,
          "priceToSalesRatio": 861.02,
          "returnOnAssets": 0.111,
          "returnOnEquity": 0.2346,
          "revenue": 82967000000000,
          "taxRate": 25.2643,
          "assets": 127951000,
          "liabilities": 67409000,
          "longTermDebt": 10410000000000,
          "sharesOutstanding": 97100853600,
          "currency": "IDR",
          "source": "ARS",
          "sourceDate": "2014-03-06T00:00:00Z",
          "reportDate": "2013-12-31T00:00:00Z",
          "endDate": "2013-12-31T00:00:00Z",
          "fiscalYearEndMonth": 12
        },
        "2014": {
          "averagePE": 19.342,
          "bookValuePerShare": 51.3365,
          "debtToEquityRatio": 0.3458,
          "ebit": 29206000000000,
          "eps": 148.1231,
          "netIncome": 14471000000000,
          "operatingIncome": 29206000,
          "netProfitMargin": 16.1334,
          "priceToBookRatio": 55.81,
          "priceToSalesRatio": 918.12,
          "returnOnAssets": 0.102,
          "returnOnEquity": 0.2134,
          "revenue": 89696000000000,
          "taxRate": 25.6492,
          "assets": 141822000,
          "liabilities": 74010000,
          "longTermDebt": 11525000000000,
          "sharesOutstanding": 98175853600,
          "currency": "IDR",
          "source": "ARS",
          "sourceDate": "2015-03-09T00:00:00Z",
          "reportDate": "2015-12-31T00:00:00Z",
          "endDate": "2014-12-31T00:00:00Z",
          "fiscalYearEndMonth": 12
        },
        "2015": {
          "averagePE": 19.6809,
          "bookValuePerShare": 51.3248,
          "debtToEquityRatio": 0.4607,
          "ebit": 32418000000000,
          "eps": 157.7668,
          "netIncome": 15489000000000,
          "operatingIncome": 32418000,
          "netProfitMargin": 15.1156,
          "priceToBookRatio": 60.5,
          "priceToSalesRatio": 1043.73,
          "returnOnAssets": 0.0932,
          "returnOnEquity": 0.2061,
          "revenue": 102470000000000,
          "taxRate": 25.6046,
          "assets": 166173000,
          "liabilities": 91037000,
          "longTermDebt": 26229000000000,
          "sharesOutstanding": 98198216600,
          "currency": "IDR",
          "source": "ARS",
          "sourceDate": "2016-03-03T00:00:00Z",
          "reportDate": "2015-12-31T00:00:00Z",
          "endDate": "2015-12-31T00:00:00Z",
          "fiscalYearEndMonth": 12
        },
        "2016": {
          "averagePE": 20.2863,
          "bookValuePerShare": 50.8771,
          "debtToEquityRatio": 0.3768,
          "ebit": 39195000000000,
          "eps": 196.1911,
          "netIncome": 19352000000000,
          "operatingIncome": 39195000,
          "netProfitMargin": 16.635,
          "priceToBookRatio": 78.23,
          "priceToSalesRatio": 1179.39,
          "returnOnAssets": 0.1077,
          "returnOnEquity": 0.2293,
          "revenue": 116333000000000,
          "taxRate": 23.6115,
          "assets": 179611000,
          "liabilities": 95227000,
          "longTermDebt": 26367000000000,
          "sharesOutstanding": 99062216600,
          "currency": "IDR",
          "source": "ARS",
          "sourceDate": "2017-03-06T00:00:00Z",
          "reportDate": "2016-12-31T00:00:00Z",
          "endDate": "2016-12-31T00:00:00Z",
          "fiscalYearEndMonth": 12
        },
        "2017": {
          "averagePE": 19.8617,
          "bookValuePerShare": 50.8771,
          "debtToEquityRatio": 0.3826,
          "ebit": 43933000000000,
          "eps": 223.5464,
          "netIncome": 22145000000000,
          "operatingIncome": 43933000,
          "netProfitMargin": 17.2663,
          "priceToBookRatio": 87.27,
          "priceToSalesRatio": 1294.7,
          "returnOnAssets": 0.1116,
          "returnOnEquity": 0.2389,
          "revenue": 128256000000000,
          "taxRate": 23.3433,
          "assets": 198484000,
          "liabilities": 105771000,
          "longTermDebt": 27974000000000,
          "sharesOutstanding": 99062216600,
          "currency": "IDR",
          "source": "ARS",
          "sourceDate": "2018-03-14T00:00:00Z",
          "reportDate": "2017-12-31T00:00:00Z",
          "endDate": "2017-12-31T00:00:00Z",
          "fiscalYearEndMonth": 12
        },
        "2018": {
          "averagePE": 20.6013,
          "bookValuePerShare": 49.9989,
          "debtToEquityRatio": 0.4457,
          "ebit": 38845000000000,
          "eps": 182.027,
          "netIncome": 18032000000000,
          "operatingIncome": 38845000,
          "netProfitMargin": 13.7876,
          "priceToBookRatio": 75,
          "priceToSalesRatio": 1320.22,
          "returnOnAssets": 0.0875,
          "returnOnEquity": 0.1823,
          "revenue": 130784000000000,
          "taxRate": 25.8921,
          "assets": 206196000,
          "liabilities": 107286000,
          "longTermDebt": 33748000000000,
          "sharesOutstanding": 99062216600,
          "currency": "IDR",
          "source": "ARS",
          "sourceDate": "2019-04-30T00:00:00Z",
          "reportDate": "2018-12-31T00:00:00Z",
          "endDate": "2018-12-31T00:00:00Z",
          "fiscalYearEndMonth": 12
        },
        "2019": {
          "averagePE": 21.0726,
          "bookValuePerShare": 49.9989,
          "debtToEquityRatio": 0.5231,
          "ebit": 41222000000000,
          "eps": 188.3968,
          "netIncome": 18663000000000,
          "operatingIncome": 41222000,
          "netProfitMargin": 13.7666,
          "priceToBookRatio": 79.4,
          "priceToSalesRatio": 1368.5,
          "returnOnAssets": 0.0844,
          "returnOnEquity": 0.1875,
          "revenue": 135567000000000,
          "taxRate": 27.2133,
          "assets": 221208000,
          "liabilities": 121647000,
          "longTermDebt": 33869000000000,
          "sharesOutstanding": 99062216600,
          "currency": "IDR",
          "source": "ARS",
          "sourceDate": "2020-05-26T00:00:00Z",
          "reportDate": "2019-12-31T00:00:00Z",
          "endDate": "2019-12-31T00:00:00Z",
          "fiscalYearEndMonth": 12
        },
        "2020": {
          "averagePE": 15.7612,
          "bookValuePerShare": 49.9989,
          "debtToEquityRatio": 0.6385,
          "ebit": 42742000000000,
          "eps": 210.0094,
          "netIncome": 20804000000000,
          "operatingIncome": 42742000,
          "netProfitMargin": 15.2453,
          "priceToBookRatio": 66.2,
          "priceToSalesRatio": 1377.54,
          "returnOnAssets": 0.0842,
          "returnOnEquity": 0.2029,
          "revenue": 136462000000000,
          "taxRate": 23.7576,
          "assets": 246943000,
          "liabilities": 144416000,
          "longTermDebt": 30561000000000,
          "sharesOutstanding": 99062216600,
          "currency": "IDR",
          "source": "ARS",
          "sourceDate": "2021-04-29T00:00:00Z",
          "reportDate": "2020-12-31T00:00:00Z",
          "endDate": "2020-12-31T00:00:00Z",
          "fiscalYearEndMonth": 12
        },
        "2021": {
          "averagePE": 16.1636,
          "bookValuePerShare": 49.9989,
          "debtToEquityRatio": 0.5679,
          "ebit": 47563000000000,
          "eps": 249.9439,
          "netIncome": 24760000000000,
          "operatingIncome": 47563000,
          "netProfitMargin": 17.2893,
          "priceToBookRatio": 80.8,
          "priceToSalesRatio": 1445.66,
          "returnOnAssets": 0.0893,
          "returnOnEquity": 0.2035,
          "revenue": 143210000000000,
          "taxRate": 22.2767,
          "assets": 277184000,
          "liabilities": 155538000,
          "longTermDebt": 36319000000000,
          "sharesOutstanding": 99062216600,
          "currency": "IDR",
          "source": "ARS",
          "sourceDate": "2022-04-18T00:00:00Z",
          "reportDate": "2021-12-31T00:00:00Z",
          "endDate": "2021-12-31T00:00:00Z",
          "fiscalYearEndMonth": 12
        },
        "2022": {
          "averagePE": 17.9002,
          "bookValuePerShare": 49.9989,
          "debtToEquityRatio": 0.4877,
          "ebit": 39581000000000,
          "eps": 209.4946,
          "netIncome": 20753000000000,
          "operatingIncome": 39581000,
          "netProfitMargin": 14.0884,
          "priceToBookRatio": 75,
          "priceToSalesRatio": 1487,
          "returnOnAssets": 0.0754,
          "returnOnEquity": 0.1606,
          "revenue": 147306000000000,
          "taxRate": 23.8284,
          "assets": 275192000,
          "liabilities": 145934000,
          "longTermDebt": 27331000000000,
          "sharesOutstanding": 99062216600,
          "currency": "IDR",
          "source": "ARS",
          "sourceDate": "2023-03-24T00:00:00Z",
          "reportDate": "2022-12-31T00:00:00Z",
          "endDate": "2022-12-31T00:00:00Z",
          "fiscalYearEndMonth": 12
        },
        "2023": {
          "averagePE": 15.9322,
          "bookValuePerShare": 49.9989,
          "debtToEquityRatio": 0.5019,
          "ebit": 44384000000000,
          "eps": 247.925,
          "netIncome": 24560000000000,
          "operatingIncome": 44384000,
          "netProfitMargin": 16.4594,
          "priceToBookRatio": 79,
          "priceToSalesRatio": 1506.29,
          "returnOnAssets": 0.0856,
          "returnOnEquity": 0.1809,
          "revenue": 149216000000000,
          "taxRate": 21.0472,
          "assets": 287042000,
          "liabilities": 151298000,
          "longTermDebt": 27773000000000,
          "sharesOutstanding": 99062216600,
          "currency": "IDR",
          "source": "ARS",
          "sourceDate": "2024-03-25T00:00:00Z",
          "reportDate": "2023-12-31T00:00:00Z",
          "endDate": "2023-12-31T00:00:00Z",
          "fiscalYearEndMonth": 12
        },
        "2024": {
          "averagePE": 11.3518,
          "bookValuePerShare": 49.9989,
          "debtToEquityRatio": 0.541,
          "ebit": 42991000000000,
          "eps": 238.7288,
          "netIncome": 23649000000000,
          "operatingIncome": 42991000,
          "netProfitMargin": 15.7695,
          "priceToBookRatio": 54.2,
          "priceToSalesRatio": 1513.87,
          "returnOnAssets": 0.0789,
          "returnOnEquity": 0.1664,
          "revenue": 149967000000000,
          "taxRate": 21.4798,
          "interestCoverage": 11.9548,
          "assets": 299675000,
          "liabilities": 157581000,
          "longTermDebt": 25518000000000,
          "sharesOutstanding": 99062216600,
          "currency": "IDR",
          "source": "ARS",
          "sourceDate": "2025-04-18T00:00:00Z",
          "reportDate": "2024-12-31T00:00:00Z",
          "endDate": "2024-12-31T00:00:00Z",
          "fiscalYearEndMonth": 12
        }
      },
      "keyMetrics": {
        "bookValuePerShare": 1409.091,
        "currentRatio": 0.7717,
        "debtToEquityRatio": 0.3196,
        "eps": 219.6398,
        "forwardPriceToEPS": 16.1307,
        "forwardDividendYield": 5.9018,
        "payoutRatio": 96.7341,
        "priceToBookRatio": 2.51,
        "profitability": "",
        "returnOnAssets": 9.8147,
        "returnOnCapital": 14.5273,
        "returnOnEquity": 15.9492,
        "stockGrowth": 3.1096,
        "latestRevenue": 149967000000000,
        "latestIncome": 23649000000000,
        "latestNetProfitMargin": 20.4998,
        "latestRevenuePerShare": 1513.867
      },
      "estimate": {
        "numberOfAnalysts": 23,
        "recommendationRate": 1.565,
        "recommendation": "buy",
        "currency": "IDR",
        "numberOfPriceTargets": 22,
        "meanPriceTarget": 3900.91,
        "highPriceTarget": 4500,
        "lowPriceTarget": 3000,
        "medianPriceTarget": 4000,
        "medianEpsTarget": 222.84,
        "analystRecommendation": {
          "strongBuy": 15,
          "sell": 0,
          "hold": 5,
          "buy": 3,
          "underperform": 0
        },
        "stdDeviationPriceTarget": 355.48,
        "meanEpsTarget": 224.37,
        "industryRecommendation": {
          "sell": 0,
          "underperform": 0,
          "hold": 3,
          "buy": 0,
          "strongBuy": 2
        },
        "industryRecommendationRate": 2.2,
        "consensusIndustryRecommendation": "buy",
        "priceVolatility": {
          "high": 1,
          "aboveAverage": 0,
          "average": 1,
          "belowAverage": 0,
          "low": 0
        },
        "consensusPriceVolatility": "belowAverage",
        "dateLastUpdated": "2026-01-30T00:51:12Z",
        "industryDateLastUpdated": "2026-01-30T00:51:12Z",
        "pricevolatilityDateLastUpdated": "2025-12-05T00:01:08Z"
      },
      "industryMetrics": {
        "assetTurnover": 0.3864,
        "averageGrossMargin5Year": 55.4597,
        "averageNetProfitMargin5Year": 8.8378,
        "averagePreTaxMargin5Year": 12.0363,
        "bookValueShareRatio": 0.4353,
        "currentRatio": 0.8123,
        "debtEquityRatio": 1.2042,
        "dividendYield": 3.4924,
        "dividendYield5YearAverage": 3.1878,
        "grossMargin": 55.7457,
        "incomeEmployee": 54153.1757,
        "interestCoverage": 3.6851,
        "inventoryTurnover": 23.4256,
        "netIncomeQQLastYearGrowthRate": 45.5205,
        "netIncomeYTDYTDGrowthRate": 2.2628,
        "netProfitMargin": 9.2162,
        "pEGrowthRatio": 0.8943,
        "preTaxMargin": 12.7805,
        "priceBookRatio": 2.02,
        "priceCashFlowRatio": 5.75,
        "priceSalesRatio": 1.68,
        "quickRatio": 0.7641,
        "returnOnAsset5YearAverage": 3.4618,
        "returnOnAssetCurrent": 5.2029,
        "returnOnCapital5YearAverage": 4.6528,
        "returnOnCapitalCurrent": 5.2365,
        "returnOnEquity5YearAverage": 9.852,
        "returnOnEquityCurrent": 11.5795,
        "revenueEmployee": 418535.3296,
        "revenueQQLastYearGrowthRate": -0.5353,
        "revenueYTDYTD": 1.4827,
        "receivableTurnover": 4.9072,
        "leverageRatio": 3.1468
      },
      "companyMetrics": {
        "pE5YearHighRatio": 17.9002,
        "pE5YearLowRatio": 11.3518,
        "revenueYTDYTD": 0.5033,
        "revenueQQLastYearGrowthRate": -0.8503,
        "netIncomeYTDYTDGrowthRate": -3.7093,
        "netIncomeQQLastYearGrowthRate": -18.6845,
        "revenue5YearAverageGrowthRate": 2.0395,
        "netIncome5YearAverageGrowthRate": 4.8495,
        "dividend5YearAverageGrowthRate": 6.6389,
        "forwardDividendYield": 5.9018,
        "dividendYield": 212.4665,
        "currentRatio": 0.7717,
        "debtAssetRatio": 26.6114,
        "leverageRatio": 2.1285,
        "interestCoverage": 11.9548,
        "priceCashFlowRatio": 5.65,
        "revenue3YearAverage": 148829666666666.66,
        "trailingAnnualDividendYield": 5.9018,
        "priceBookRatio": 2.51,
        "priceSalesRatio": 2.378,
        "bookValueShareRatio": 1434.391,
        "operatingCashFlow": 14253000000000,
        "payoutRatio": 96.7341,
        "quickRatio": 0.8074,
        "current": 0.8217,
        "debtEquityRatio": 0.3196,
        "dilutedEPS3YearGrowth": -1.5186,
        "pEGrowthRatio": 3.1096,
        "grossMargin": 67.9383,
        "preTaxMargin": 26.1077,
        "netProfitMargin": 20.4998,
        "averageGrossMargin5Year": 69.5522,
        "averagePreTaxMargin5Year": 27.3685,
        "averageNetProfitMargin5Year": 21.227,
        "operatingMargin": 26.9494,
        "netMarginPercent": 19.2156,
        "returnOnEquityCurrent": 17.0236,
        "returnOnEquity5YearAverage": 18.7747,
        "returnOnAssetCurrent": 10.4797,
        "returnOnAsset5YearAverage": 11.445,
        "returnOnCapitalCurrent": 15.4811,
        "returnOnCapital5YearAverage": 17.1827,
        "incomeEmployee": 1525707000,
        "revenueEmployee": 7442531000,
        "assetTurnover": 0.5112,
        "inventoryTurnover": 45.9455,
        "receivableTurnover": 10.707,
        "roaTTM": 9.8147
      },
      "shareStatistics": {
        "averageDividendYield5Year": 4.9355,
        "lastSplitFactor": "4.98753",
        "lastSplitDate": "2013-08-28T00:00:00Z",
        "declarationDate": "2025-06-03T00:00:00Z",
        "dividendDate": "2025-06-11T00:00:00Z",
        "dividendYield": 5.9018,
        "exDividendDate": "2025-06-11T00:00:00Z",
        "exDividendAmount": 212.4665,
        "sharesOutstanding": 99062220000,
        "enterpriseValue": 418824000000000
      }
    },
    "beta": 1.0487,
    "company": {
      "address": {
        "street": "Kawasan The Telkom Hub, Gedung Telkom Landmark Tower II, lantai.39, Jl. Jenderal Gatot Subroto Kav. 52, Kuningan Barat,, Mampang Prapatan",
        "city": "JAKARTA SELATAN",
        "state": "DKI JAKARTA",
        "zip": "12710",
        "country": "Indonesia",
        "countryCode": "ID",
        "phone": "+62 21 5215109",
        "fax": "+62 21 5220500"
      },
      "directors": [
        {
          "asOfDate": "2025-04-28T00:00:00Z",
          "name": "Bambang Permadi Soemantri Brodjonegoro",
          "title": "President Commissioner, Independent Commissioner"
        },
        {
          "asOfDate": "2025-04-28T00:00:00Z",
          "name": "Ririek Adriansyah",
          "title": "President Director"
        },
        {
          "asOfDate": "2025-04-28T00:00:00Z",
          "name": "Heri Supriadi",
          "title": "Director of Finance & Risk Management"
        },
        {
          "asOfDate": "2025-04-28T00:00:00Z",
          "name": "Bogi Witjaksono",
          "title": "Director of Wholesale & International Service"
        },
        {
          "asOfDate": "2025-04-28T00:00:00Z",
          "name": "Afriwandi ..",
          "title": "Director of Human Capital Management"
        },
        {
          "asOfDate": "2025-04-28T00:00:00Z",
          "name": "Honesti Basyir",
          "title": "Director of Group Business Development"
        },
        {
          "asOfDate": "2025-04-28T00:00:00Z",
          "name": "Muhamad Fajrin Rasyid",
          "title": "Director of Digital Business"
        },
        {
          "asOfDate": "2025-04-28T00:00:00Z",
          "name": "FM R. Venusiana",
          "title": "Director of Enterprise & Business Service"
        },
        {
          "asOfDate": "2025-04-28T00:00:00Z",
          "name": "Herlan Wijanarko",
          "title": "Director of Network & IT Solution"
        },
        {
          "asOfDate": "2025-04-28T00:00:00Z",
          "name": "Budi Setyawan Wijaya",
          "title": "Director of Strategic Portfolio"
        },
        {
          "asOfDate": "2025-04-28T00:00:00Z",
          "name": "Ismail ..",
          "title": "Commissioner"
        },
        {
          "asOfDate": "2025-04-28T00:00:00Z",
          "name": "Silmy Karim",
          "title": "Commissioner"
        },
        {
          "asOfDate": "2025-04-28T00:00:00Z",
          "name": "Rizal Mallarangeng",
          "title": "Commissioner"
        },
        {
          "asOfDate": "2025-04-28T00:00:00Z",
          "name": "Marcelino Rumambo Pandin",
          "title": "Commissioner"
        }
      ],
      "description": "PT Telkom Indonesia (Persero) Tbk is an Indonesia-based telecommunication company. The Company is engaged in information and communication technology (ICT) services and telecommunications networks. Its segments include mobile, consumer, enterprise, wholesale and international business, and other. The mobile segment provides cellular services, including mobile voice, value-added services, mobile broadband, among others. The Consumer segment provides Indihome services and other telecommunication services to home customers. The wholesale and international business segment provides interconnection services, leased lines, satellite, small aperture terminal, broadband access, information technology services, data, and internet services to other licensed operator companies and institutions. The Other segment provides digital content products, big data, business-to-business commerce, and financial services to individual and corporate customers.",
      "employees": 19205,
      "establishedYear": 1991,
      "industry": "Telecommunications Services",
      "name": "Telkom Indonesia (Persero) Tbk PT",
      "sector": "Technology",
      "style": "5740101010",
      "type": "5740101010",
      "website": "https://www.telkom.co.id",
      "icon": "https://bing.com/th?id=OSK.e8iE-wGeTFacfLMNstYKX_L2VlC2LcL-ijcciQiODF4"
    },
    "relatedStocks": [
      {
        "instrumentId": "bx86dm",
        "displayName": "Solusi Sinergi Digital Tbk PT",
        "shortName": "Solusi Sinergi",
        "exchangeId": "r6dwod",
        "exchangeCode": "XIDX",
        "securityType": "stock",
        "symbol": "WIFI"
      },
      {
        "instrumentId": "bpztur",
        "displayName": "Jasnita Telekomindo Tbk PT",
        "shortName": "Jasnita",
        "exchangeId": "r6dwod",
        "exchangeCode": "XIDX",
        "securityType": "stock",
        "symbol": "JAST"
      },
      {
        "instrumentId": "c9pikr",
        "displayName": "Informasi Teknologi Indonesia Tbk PT",
        "shortName": "Informasi",
        "exchangeId": "r6dwod",
        "exchangeCode": "XIDX",
        "securityType": "stock",
        "symbol": "JATI"
      },
      {
        "instrumentId": "c7x3cw",
        "displayName": "Ketrosden Triasmitra Tbk PT",
        "shortName": "Ketrosden",
        "exchangeId": "r6dwod",
        "exchangeCode": "XIDX",
        "securityType": "stock",
        "symbol": "KETR"
      },
      {
        "instrumentId": "bkfktc",
        "displayName": "Centratama Telekomunikasi Indonesia Tbk PT",
        "shortName": "Centratama Tele",
        "exchangeId": "r6dwod",
        "exchangeCode": "XIDX",
        "securityType": "stock",
        "symbol": "CENT"
      },
      {
        "instrumentId": "bn9omw",
        "displayName": "Sarana Menara Nusantara Tbk PT",
        "shortName": "Sarana Menara",
        "exchangeId": "r6dwod",
        "exchangeCode": "XIDX",
        "securityType": "stock",
        "symbol": "TOWR"
      },
      {
        "instrumentId": "bn94pr",
        "displayName": "XLSMART Telecom Sejahtera Tbk PT",
        "shortName": "XLSMART Telecom",
        "exchangeId": "r6dwod",
        "exchangeCode": "XIDX",
        "securityType": "stock",
        "symbol": "EXCL"
      },
      {
        "instrumentId": "c45acw",
        "displayName": "PT Dayamitra Telekomunikasi Tbk",
        "shortName": "Mitratel",
        "exchangeId": "r6dwod",
        "exchangeCode": "XIDX",
        "securityType": "stock",
        "symbol": "MTEL"
      },
      {
        "instrumentId": "bn95p2",
        "displayName": "Indosat Tbk PT",
        "shortName": "Indosat",
        "exchangeId": "r6dwod",
        "exchangeCode": "XIDX",
        "securityType": "stock",
        "symbol": "ISAT"
      },
      {
        "instrumentId": "che6fr",
        "displayName": "Prima Multi Usaha Indonesia Tbk PT",
        "shortName": "Prima Multi",
        "exchangeId": "r6dwod",
        "exchangeCode": "XIDX",
        "securityType": "stock",
        "symbol": "PMUI"
      },
      {
        "instrumentId": "cd3e27",
        "displayName": "Remala Abadi Tbk PT",
        "shortName": "Remala Abadi",
        "exchangeId": "r6dwod",
        "exchangeCode": "XIDX",
        "securityType": "stock",
        "symbol": "DATA"
      },
      {
        "instrumentId": "bkhtcw",
        "displayName": "Tower Bersama Infrastructure Tbk PT",
        "shortName": "Tower Bersama",
        "exchangeId": "r6dwod",
        "exchangeCode": "XIDX",
        "securityType": "stock",
        "symbol": "TBIG"
      },
      {
        "instrumentId": "c6zya2",
        "displayName": "Mora Telematika Indonesia Tbk PT",
        "shortName": "Moratelindo",
        "exchangeId": "r6dwod",
        "exchangeCode": "XIDX",
        "securityType": "stock",
        "symbol": "MORA"
      },
      {
        "instrumentId": "bkgqmw",
        "displayName": "Visi Telekomunikasi Infrastruktur Tbk PT",
        "shortName": "Visi",
        "exchangeId": "r6dwod",
        "exchangeCode": "XIDX",
        "securityType": "stock",
        "symbol": "GOLD"
      },
      {
        "instrumentId": "bkgymw",
        "displayName": "Link Net Tbk PT",
        "shortName": "Link Net",
        "exchangeId": "r6dwod",
        "exchangeCode": "XIDX",
        "securityType": "stock",
        "symbol": "LINK"
      }
    ],
    "ownershipSummary": {
      "floatOwnershipPercent": 45.8991,
      "insiderOwnershipPercent": 0,
      "institutionalOwnership": [
        {
          "shares": 4292637880,
          "sharesChange": 11458900,
          "rank": 1,
          "change": 2104064,
          "changePercent": 0.0116,
          "entity": {
            "displayName": "Mellon Investments Corporation"
          },
          "outstandingPercent": 4.33,
          "marketValue": 301721686811,
          "reportDate": "2025-09-30T00:00:00Z"
        },
        {
          "shares": 1773213677,
          "sharesChange": 376436423,
          "rank": 2,
          "change": 63245053,
          "changePercent": 0.38,
          "entity": {
            "displayName": "Employees Provident Fund Board"
          },
          "outstandingPercent": 1.79,
          "marketValue": 62599709742,
          "reportDate": "2024-12-31T00:00:00Z"
        },
        {
          "shares": 1575089244,
          "sharesChange": 19812443,
          "rank": 3,
          "change": 3328687,
          "changePercent": 0.02,
          "entity": {
            "displayName": "The Vanguard Group, Inc."
          },
          "outstandingPercent": 1.59,
          "marketValue": 9717831715750,
          "reportDate": "2024-12-31T00:00:00Z"
        },
        {
          "shares": 1446308362,
          "sharesChange": -1515651914,
          "rank": 4,
          "change": -254644555,
          "changePercent": -1.53,
          "entity": {
            "displayName": "GIC Private Limited"
          },
          "outstandingPercent": 1.46,
          "marketValue": 121546557420,
          "reportDate": "2024-12-31T00:00:00Z"
        },
        {
          "shares": 1168934156,
          "sharesChange": 1155323856,
          "rank": 5,
          "change": 194105867,
          "changePercent": 1.1663,
          "entity": {
            "displayName": "T. Rowe Price International Ltd"
          },
          "outstandingPercent": 1.18,
          "marketValue": 171331493897,
          "reportDate": "2024-12-31T00:00:00Z"
        },
        {
          "shares": 922705600,
          "sharesChange": 3564400,
          "rank": 6,
          "change": 739220,
          "changePercent": 0.0036,
          "entity": {
            "displayName": "Capital World Investors"
          },
          "outstandingPercent": 0.93,
          "marketValue": 1177881117011,
          "reportDate": "2025-12-31T00:00:00Z"
        },
        {
          "shares": 905584061,
          "sharesChange": 246437187,
          "rank": 7,
          "change": 51108547,
          "changePercent": 0.2488,
          "entity": {
            "displayName": "INVESCO Asset Management Limited"
          },
          "outstandingPercent": 0.91,
          "marketValue": 72212203057,
          "reportDate": "2025-12-31T00:00:00Z"
        },
        {
          "shares": 772685289,
          "sharesChange": 79249773,
          "rank": 8,
          "change": 13314748,
          "changePercent": 0.08,
          "entity": {
            "displayName": "Harding Loevner LP"
          },
          "outstandingPercent": 0.78,
          "marketValue": 25909628617,
          "reportDate": "2024-12-31T00:00:00Z"
        },
        {
          "shares": 643904408,
          "sharesChange": 376436423,
          "rank": 9,
          "change": 63245053,
          "changePercent": 0.38,
          "entity": {
            "displayName": "Prudential Assurance Co., Ltd."
          },
          "outstandingPercent": 0.65,
          "marketValue": 952712110,
          "reportDate": "2024-12-31T00:00:00Z"
        },
        {
          "shares": 574350032,
          "sharesChange": 13181688,
          "rank": 10,
          "change": 2733747,
          "changePercent": 0.0133,
          "entity": {
            "displayName": "Geode Capital Management, L.L.C."
          },
          "outstandingPercent": 0.58,
          "marketValue": 1821277258859,
          "reportDate": "2025-12-31T00:00:00Z"
        },
        {
          "shares": 564799500,
          "sharesChange": 50951300,
          "rank": 11,
          "change": 10566777,
          "changePercent": 0.0514,
          "entity": {
            "displayName": "T. Rowe Price Associates, Inc."
          },
          "outstandingPercent": 0.57,
          "marketValue": 1071135675078,
          "reportDate": "2025-12-31T00:00:00Z"
        },
        {
          "shares": 511759676,
          "sharesChange": 47912200,
          "rank": 12,
          "change": 9936499,
          "changePercent": 0.0484,
          "entity": {
            "displayName": "JPMorgan Asset Management (Asia Pacific) Limited"
          },
          "outstandingPercent": 0.52,
          "marketValue": 42398095396,
          "reportDate": "2025-12-31T00:00:00Z"
        },
        {
          "shares": 495311083,
          "sharesChange": -69343552,
          "rank": 13,
          "change": -11650405,
          "changePercent": -0.07,
          "entity": {
            "displayName": "Capital Research Global Investors"
          },
          "outstandingPercent": 0.5,
          "marketValue": 1332257024060,
          "reportDate": "2024-12-31T00:00:00Z"
        },
        {
          "shares": 435873753,
          "sharesChange": -267467985,
          "rank": 14,
          "change": -44937274,
          "changePercent": -0.27,
          "entity": {
            "displayName": "BlackRock Institutional Trust Company, N.A."
          },
          "outstandingPercent": 0.44,
          "marketValue": 4945770957542,
          "reportDate": "2024-12-31T00:00:00Z"
        },
        {
          "shares": 434868400,
          "sharesChange": -102254200,
          "rank": 15,
          "change": -21206473,
          "changePercent": -0.1032,
          "entity": {
            "displayName": "abrdn Investments Limited"
          },
          "outstandingPercent": 0.44,
          "marketValue": 43096499271,
          "reportDate": "2025-12-31T00:00:00Z"
        }
      ],
      "institutionalOwnershipPercent": 27.01,
      "mutualFundOwnership": [
        {
          "shares": 809898900,
          "sharesChange": -1911400,
          "rank": 1,
          "change": -396405,
          "changePercent": -0.0019,
          "entity": {
            "displayName": "American Funds New World Fund"
          },
          "outstandingPercent": 0.82,
          "percentPortfolio": 0.2309,
          "marketValue": 72740348825,
          "reportDate": "2025-12-31T00:00:00Z"
        },
        {
          "shares": 641004500,
          "sharesChange": -23705700,
          "rank": 2,
          "change": -5001924,
          "changePercent": -0.0239,
          "entity": {
            "instrumentId": "a7o3ar",
            "displayName": "Harding Loevner International Equity Port;Inst",
            "shortName": "Harding Loevner:IE;I",
            "securityType": "fund",
            "symbol": "HLMIX"
          },
          "outstandingPercent": 0.65,
          "percentPortfolio": 1.0978,
          "marketValue": 12320864852,
          "reportDate": "2025-11-30T00:00:00Z"
        },
        {
          "shares": 638871458,
          "sharesChange": 5439000,
          "rank": 3,
          "change": 1127993,
          "changePercent": 0.0055,
          "entity": {
            "instrumentId": "a25ntc",
            "displayName": "Vanguard Total International Stock Index Fund;ETF",
            "shortName": "Vanguard Tot I S;ETF",
            "securityType": "fund"
          },
          "outstandingPercent": 0.64,
          "percentPortfolio": 0.0232,
          "marketValue": 571395695342,
          "reportDate": "2025-12-31T00:00:00Z"
        },
        {
          "shares": 587618452,
          "sharesChange": 9945200,
          "rank": 4,
          "change": 2062533,
          "changePercent": 0.01,
          "entity": {
            "instrumentId": "a7gbp2",
            "displayName": "Vanguard Emerging Markets Stock Index Fund;Inst",
            "shortName": "Vanguard EM St I;Inst",
            "securityType": "fund",
            "symbol": "VEMIX"
          },
          "outstandingPercent": 0.59,
          "percentPortfolio": 0.0835,
          "marketValue": 145935914518,
          "reportDate": "2025-12-31T00:00:00Z"
        },
        {
          "shares": 532135400,
          "sharesChange": 40225300,
          "rank": 5,
          "change": 8342315,
          "changePercent": 0.0406,
          "entity": {
            "instrumentId": "bui1nm",
            "displayName": "T Rowe Price International Stock Fund;Z",
            "shortName": "T Rowe Price Int:Stk;Z",
            "securityType": "fund",
            "symbol": "TRNZX"
          },
          "outstandingPercent": 0.54,
          "percentPortfolio": 0.8185,
          "marketValue": 13483462918,
          "reportDate": "2025-12-31T00:00:00Z"
        },
        {
          "shares": 508233300,
          "sharesChange": 24622800,
          "rank": 6,
          "change": 5106516,
          "changePercent": 0.0249,
          "entity": {
            "instrumentId": "a1vbk2",
            "displayName": "iShares Core MSCI Emerging Markets ETF",
            "shortName": "iShares:Core MSCI EmMkts",
            "securityType": "fund"
          },
          "outstandingPercent": 0.51,
          "percentPortfolio": 0.0866,
          "marketValue": 121759072201,
          "reportDate": "2025-12-31T00:00:00Z"
        },
        {
          "shares": 287572497,
          "sharesChange": 33444176,
          "rank": 7,
          "change": 6140965,
          "changePercent": 0.0338,
          "entity": {
            "displayName": "Stichting Pensioenfonds ABP"
          },
          "outstandingPercent": 0.29,
          "percentPortfolio": 0.0345,
          "marketValue": 152912804531,
          "reportDate": "2025-09-30T00:00:00Z"
        },
        {
          "shares": 271111329,
          "sharesChange": -365646290,
          "rank": 8,
          "change": -62750583,
          "changePercent": -0.3691,
          "entity": {
            "displayName": "Statens Pensjonsfond Utland"
          },
          "outstandingPercent": 0.27,
          "percentPortfolio": 0.0034,
          "marketValue": 1370479754055,
          "reportDate": "2025-06-30T00:00:00Z"
        },
        {
          "shares": 235269774,
          "sharesChange": 176403000,
          "rank": 9,
          "change": 37221192,
          "changePercent": 0.1781,
          "entity": {
            "displayName": "Invesco Developing Markets Fund"
          },
          "outstandingPercent": 0.24,
          "percentPortfolio": 0.4957,
          "marketValue": 10013857603,
          "reportDate": "2025-11-30T00:00:00Z"
        },
        {
          "shares": 216888800,
          "sharesChange": 0,
          "rank": 10,
          "change": 0,
          "changePercent": 0,
          "entity": {
            "displayName": "Invesco Asian Fund UK"
          },
          "outstandingPercent": 0.22,
          "percentPortfolio": 1.0123,
          "marketValue": 3934144074,
          "reportDate": "2025-09-30T00:00:00Z"
        },
        {
          "shares": 210959700,
          "sharesChange": 6159100,
          "rank": 11,
          "change": 1299576,
          "changePercent": 0.0062,
          "entity": {
            "instrumentId": "bulwf2",
            "displayName": "Fidelity SAI Emerging Markets Value Index",
            "shortName": "Fidelity SAI EM Val Idx",
            "securityType": "fund",
            "symbol": "FEMVX"
          },
          "outstandingPercent": 0.21,
          "percentPortfolio": 0.4839,
          "marketValue": 9199541533,
          "reportDate": "2025-11-30T00:00:00Z"
        },
        {
          "shares": 196416500,
          "sharesChange": -5719100,
          "rank": 12,
          "change": -1206735,
          "changePercent": -0.0058,
          "entity": {
            "displayName": "MFS Emerging Markets Equity Fund"
          },
          "outstandingPercent": 0.2,
          "percentPortfolio": 0.4536,
          "marketValue": 9137188965,
          "reportDate": "2025-11-30T00:00:00Z"
        },
        {
          "shares": 195616700,
          "sharesChange": -117886100,
          "rank": 13,
          "change": -24874073,
          "changePercent": -0.119,
          "entity": {
            "instrumentId": "bqc4h7",
            "displayName": "Invesco International Small-Mid Company Fund;R5",
            "shortName": "Invesco Intl SM Co;R5",
            "securityType": "fund",
            "symbol": "INSLX"
          },
          "outstandingPercent": 0.2,
          "percentPortfolio": 1.5364,
          "marketValue": 2686472524,
          "reportDate": "2025-11-30T00:00:00Z"
        },
        {
          "shares": 180474300,
          "sharesChange": 40462300,
          "rank": 14,
          "change": 8537582,
          "changePercent": 0.0408,
          "entity": {
            "displayName": "JPMorgan ASEAN Fund"
          },
          "outstandingPercent": 0.18,
          "percentPortfolio": 3.3516,
          "marketValue": 1136166758,
          "reportDate": "2025-11-30T00:00:00Z"
        },
        {
          "shares": 178500000,
          "sharesChange": -53000000,
          "rank": 15,
          "change": -10991657,
          "changePercent": -0.0535,
          "entity": {
            "instrumentId": "a7ncqh",
            "displayName": "Allspring Emerging Markets Eq Fd;A",
            "shortName": "Allspring:EM Eq;A",
            "securityType": "fund",
            "symbol": "EMGAX"
          },
          "outstandingPercent": 0.18,
          "percentPortfolio": 1.005,
          "marketValue": 3683528202,
          "reportDate": "2025-12-31T00:00:00Z"
        },
        {
          "shares": 177621500,
          "sharesChange": 47671900,
          "rank": 16,
          "change": 10058814,
          "changePercent": 0.0481,
          "entity": {
            "displayName": "Invesco Asian Equity Fund"
          },
          "outstandingPercent": 0.18,
          "percentPortfolio": 1.0571,
          "marketValue": 3545374410,
          "reportDate": "2025-11-30T00:00:00Z"
        },
        {
          "shares": 175000000,
          "sharesChange": 0,
          "rank": 17,
          "change": 0,
          "changePercent": 0,
          "entity": {
            "instrumentId": "a7gh3m",
            "displayName": "American Funds Capital Income Builder;A",
            "shortName": "American Funds CIB;A",
            "securityType": "fund",
            "symbol": "CAIBX"
          },
          "outstandingPercent": 0.18,
          "percentPortfolio": 0.0385,
          "marketValue": 94288993190,
          "reportDate": "2025-12-31T00:00:00Z"
        },
        {
          "shares": 169214500,
          "sharesChange": 10595800,
          "rank": 18,
          "change": 2044636,
          "changePercent": 0.0107,
          "entity": {
            "displayName": "M&G Asian Fund"
          },
          "outstandingPercent": 0.17,
          "percentPortfolio": 2.2161,
          "marketValue": 1473418859,
          "reportDate": "2025-10-31T00:00:00Z"
        },
        {
          "shares": 155160400,
          "sharesChange": 0,
          "rank": 19,
          "change": 0,
          "changePercent": 0,
          "entity": {
            "displayName": "JPM Emerging Markets Income Fund"
          },
          "outstandingPercent": 0.16,
          "percentPortfolio": 1.8054,
          "marketValue": 1782346967,
          "reportDate": "2025-12-31T00:00:00Z"
        },
        {
          "shares": 147423300,
          "sharesChange": 77920400,
          "rank": 20,
          "change": 16441275,
          "changePercent": 0.0787,
          "entity": {
            "instrumentId": "a7x7k2",
            "displayName": "Driehaus Emerging Markets Growth Fund;Inst",
            "shortName": "Driehaus:EM Gro;Inst",
            "securityType": "fund",
            "symbol": "DIEMX"
          },
          "outstandingPercent": 0.15,
          "percentPortfolio": 0.7715,
          "marketValue": 4032151122,
          "reportDate": "2025-11-30T00:00:00Z"
        }
      ],
      "mutualFundOwnershipPercent": 15.66,
      "top10InstitutesPercent": 14.21
    },
    "optionChainMaturityDates": [],
    "securityDescription": "TELKOM INDONESIA ORD",
    "assetCategory": "ORD",
    "assetClass": "",
    "exchangeId": "r6dwod",
    "exchangeCode": "XIDX",
    "exchangeName": "Indonesia Stock Exchange",
    "offeringStatus": "regular",
    "displayName": "Telkom Indonesia (Persero) Tbk PT",
    "shortName": "Telkom Indonesia",
    "securityType": "stock",
    "instrumentId": "bn9o8m",
    "symbol": "TLKM",
    "country": "ID",
    "market": "id-id",
    "localizedAttributes": {
      "id-id": {
        "displayName": "PT Telkom Indonesia (Persero) Tbk",
        "description": "PT Telekomunikasi Indonesia Tbk dahulunya Perusahaan Perseroan (Persero) PT Telekomunikasi Indonesia Tbk, menawarkan layanan telekomunikasi dan jaringan. Segmen Perusahaan mencakup Perusahaan/Korporasi, Rumah, Perorangan, dan Lainnya. Segmen Korporasi menyediakan layanan telekomunikasi, termasuk interkoneksi, saluran yang disewakan, satelit, pusat kontak, akses broadband, layanan teknologi informasi dan layanan data dan Internet untuk perusahaan dan lembaga. Segmen Rumah menyediakan layanan telekomunikasi jalur kabel tidak bergerak, televisi berlangganan, dan layanan data dan Internet untuk pelanggan rumahan. Segmen Perorangan menyediakan layanan telekomunikasi seluler bergerak dan nirkabel tidak bergerak bagi pelanggan individu. Segmen Lainnya menyediakan layanan pengelolaan gedung. Layanan telepon bergerak pascabayar Perusahaan dipasarkan dengan merek kartuHalo, dan layanan prabayarnya dipasarkan dengan merek simPATI, Kartu As, dan Loop. Perusahaan ini menjalankan bisnis e-money (uang elektronik) dengan nama merek T-cash."
      }
    },
    "timeLastUpdated": "2026-02-01T23:01:47.4651344Z",
    "currency": "IDR",
    "_p": "bn9o8m",
    "id": "a0434d3f-2fec-4697-923d-b09524790e11",
    "_t": "Equity"
  }
}
